<record><leader>01883cam a2200313   45 0</leader><controlfield tag="001">6855901</controlfield><controlfield tag="003">OCoLC</controlfield><controlfield tag="005">20150310120616.0</controlfield><controlfield tag="008">140804q2015    maua          001 0 eng d</controlfield><datafield ind1=" " ind2=" " tag="020"><subfield code="a">054448407X</subfield></datafield><datafield ind1=" " ind2=" " tag="020"><subfield code="a">9780544484078</subfield></datafield><datafield ind1=" " ind2=" " tag="040"><subfield code="a">YDXCP</subfield><subfield code="b">eng</subfield><subfield code="c">YDXCP</subfield><subfield code="d">BTCTA</subfield><subfield code="d">BDX</subfield><subfield code="d">AOAC</subfield></datafield><datafield ind1="1" ind2=" " tag="050"><subfield code="a">GV838.672 .N47 2014</subfield></datafield><datafield ind1=" " ind2=" " tag="090"><subfield code="a">GV 838.672 N47 2014</subfield><subfield code="b">AOAC</subfield></datafield><datafield ind1="1" ind2=" " tag="100"><subfield code="a">Nestor, James.</subfield></datafield><datafield ind1="0" ind2="0" tag="245"><subfield code="a">Deep :</subfield><subfield code="b">freediving, renegade science, and what the ocean tells us about ourselves /</subfield><subfield code="c">James Nestor.</subfield></datafield><datafield ind1=" " ind2=" " tag="260"><subfield code="a">Boston :</subfield><subfield code="b">Mariner Books,</subfield><subfield code="c">2015.</subfield></datafield><datafield ind1=" " ind2=" " tag="300"><subfield code="a">266 Pages :</subfield><subfield code="b">illustrations ;</subfield><subfield code="c">21 cm.</subfield></datafield><datafield ind1=" " ind2=" " tag="336"><subfield code="a">text</subfield></datafield><datafield ind1=" " ind2=" " tag="337"><subfield code="a">unmediated</subfield></datafield><datafield ind1=" " ind2=" " tag="338"><subfield code="a">volume</subfield></datafield><datafield ind1=" " ind2=" " tag="504"><subfield code="a">Includes bibliographical references (pages [251]-258) and index.</subfield></datafield><datafield ind1=" " ind2=" " tag="520"><subfield code="a">Deep is a voyage from the ocean&#8217;s surface to its darkest trenches, the most mysterious places on Earth. Fascinated by the sport of freediving&#8213;in which competitors descend great depths on a single breath&#8213;James Nestor embeds with a gang of oceangoing extreme athletes and renegade researchers. He finds whales that communicate with other whales hundreds of miles away, sharks that swim in unerringly straight lines through pitch-black waters, and other strange phenomena. Most illuminating of all, he learns that these abilities are reflected in our own remarkable, and often hidden, potential&#8213;including echolocation, directional sense, and the profound bodily changes humans undergo when underwater. Along the way, Nestor unlocks his own freediving skills as he communes with the pioneers who are expanding our definition of what is possible in the natural world, and in ourselves.</subfield></datafield><datafield ind1=" " ind2=" " tag="596"><subfield code="a">33</subfield></datafield><datafield ind1="0" ind2=" " tag="650"><subfield code="a">Deep diving.</subfield></datafield><datafield ind1="0" ind2=" " tag="650"><subfield code="a">Underwater physiology.</subfield></datafield><datafield ind1="0" ind2=" " tag="650"><subfield code="a">Marine biology.</subfield></datafield><datafield ind1="0" ind2=" " tag="650"><subfield code="a">Oceanography.</subfield></datafield><datafield ind1=" " ind2=" " tag="926"><subfield code="a">GV 838.672 N47 2014</subfield><subfield code="w">LC</subfield><subfield code="c">1</subfield><subfield code="i">0164000902340</subfield><subfield code="l">ON_SHELF</subfield><subfield code="m">OLDS</subfield><subfield code="r">Y</subfield><subfield code="s">Y</subfield><subfield code="t">BOOK</subfield><subfield code="u">3/10/2015</subfield></datafield></record>